@misc{uci-thesis-latex,
  title = {{LaTeX template for thesis and dissertation documents at UC Irvine}},
  author = {Otten, Lars},
  year = 2012,
  howpublished = {\url{https://github.com/lotten/uci-thesis-latex/}}
}
  

@article{Hannezo:2015ba,
author = {Hannezo, Edouard and Dong, Bo and Recho, Pierre and Joanny, Jean-Fran{\c c}ois and Hayashi, Shigeo},
title = {{Cortical instability drives periodic supracellular actin pattern formation in epithelial tubes}},
journal = {Proceedings Of The National Academy Of Sciences Of The United States Of America},
year = {2015},
volume = {112},
number = {28},
pages = {8620--8625},
month = jul
}

@article{Fehon:2010fla,
author = {Fehon, Richard G and McClatchey, Andrea I and Bretscher, Anthony},
title = {{Organizing the cell cortex: the role of ERM proteins}},
journal = {Nature Reviews Molecular Cell Biology},
year = {2010},
volume = {11},
number = {4},
pages = {1--12},
month = apr
}

@article{Campillo:2013ei,
author = {Campillo, Cl{\'e}ment and Sens, Pierre and K{\"o}ster, Darius and Pontani, LEa-Laetitia and L{\'e}vy, Daniel and Bassereau, Patricia and Nassoy, Pierre and Sykes, CEcile},
title = {{Unexpected Membrane Dynamics Unveiled by Membrane Nanotube Extrusion}},
journal = {Biophysj},
year = {2013},
volume = {104},
number = {6},
pages = {1248--1256},
month = mar
}

@article{Li:2012gq,
author = {Li, Tong and Pan, Ronghua and Zhao, Kun},
title = {{Global Dynamics of a Hyperbolic-Parabolic Model Arising from Chemotaxis}},
journal = {Siam Journal on Applied Mathematics},
year = {2012},
volume = {72},
number = {1},
pages = {417--443},
month = jan
}

@article{Keshet,
author = {Edelstein-Keshet, L},
title = {{Mathematical models in biology}},
year = {1988}
}

@article{Xiong:2010fb,
author = {Xiong, Yuan and Huang, Chuan-Hsiang and Iglesias, Pablo A and Devreotes, Peter N},
title = {{Cells navigate with a local-excitation, global-inhibition-biased excitable network}},
journal = {Proceedings Of The National Academy Of Sciences Of The United States Of America},
year = {2010},
volume = {107},
number = {40},
pages = {17079--17086},
month = oct
}

@article{Cain:2014en,
author = {Cain, John W},
title = {{Stability of Impulsively Forced Excitable Fibers to Perturbations of the Forcing Period}},
journal = {Siam Journal on Applied Mathematics},
year = {2014},
volume = {74},
number = {1},
pages = {191--207},
month = jan
}

@article{Peukes:2014fw,
author = {Peukes, Julia and Betz, Timo},
title = {{Direct Measurement of the Cortical Tension during the Growth of Membrane Blebs}},
journal = {Biophysj},
year = {2014},
volume = {107},
number = {8},
pages = {1810--1820},
month = oct
}

@article{Norman:2010gba,
author = {Norman, Leann L and Brug{\'e}s, Jan and Sengupta, Kheya and Sens, Pierre and Aranda-Espinoza, Helim},
title = {{Cell Blebbing and Membrane Area Homeostasis in Spreading and{\&}nbsp;Retracting Cells}},
journal = {Biophysj},
year = {2010},
volume = {99},
number = {6},
pages = {1726--1733},
month = sep
}

@article{Idema:2013ig,
author = {Idema, Timon and Idema, T and Dubuis, J O and Dubuis, Julien O and Kang, L and Kang, Louis and Manning, M Lisa and Manning, M L and Nelson, P C and Nelson, Philip C and Lubensky, Tom C and Liu, Andrea J},
title = {{The syncytial Drosophila embryo as a mechanically excitable medium}},
journal = {PLoS ONE},
year = {2013}
}

@article{Paluch:2013ea,
author = {Paluch, Ewa K and Raz, Erez},
title = {{The role and regulation of blebs in cell migration}},
journal = {Current Opinion In Cell Biology},
year = {2013},
volume = {25},
number = {5},
pages = {582--590},
month = oct
}

@article{Salbreux:2009fp,
author = {Salbreux, G and Prost, J and Joanny, J F},
title = {{Hydrodynamics of Cellular Cortical Flows and the Formation of Contractile Rings}},
journal = {Physical Review Letters},
year = {2009},
volume = {103},
number = {5},
pages = {058102},
month = jul
}

@article{Biro:2013bk,
author = {Biro, Mat{\'e} and Romeo, Yves and Kroschwald, Sonja and Bovellan, Miia and Boden, Annett and Tcherkezian, Joseph and Roux, Philippe P and Charras, Guillaume and Paluch, Ewa K},
title = {{Cell cortex composition and homeostasis resolved by integrating proteomics and quantitative imaging.}},
journal = {Cytoskeleton (Hoboken, N.J.)},
year = {2013},
volume = {70},
number = {11},
pages = {741--754},
month = nov
}

@article{FitzHugh:1961il,
author = {FitzHugh, Richard},
title = {{Impulses and Physiological States in Theoretical Models of Nerve Membrane}},
journal = {Biophysical Journal},
year = {1961},
volume = {1},
number = {6},
pages = {445--466},
month = jul
}

@article{Tsai:2011fm,
author = {Tsai, Je-Chiang and Sneyd, James},
title = {{Traveling Waves in the Buffered FitzHugh{\textendash}Nagumo Model}},
journal = {Siam Journal on Applied Mathematics},
year = {2011},
volume = {71},
number = {5},
pages = {1606--1636},
month = jan
}

@article{Strychalski:HizQv1Ti,
author = {Strychalski, W and Guy, R D},
title = {{Intracellular Pressure Dynamics in Blebbing Cells 
}},
year = {2015}
}

@article{Charras:2008bz,
author = {Charras, Guillaume T and Coughlin, Margaret and Mitchison, Timothy J and Mahadevan, L},
title = {{Life and times of a cellular bleb}},
journal = {Biophysical Journal},
year = {2008},
volume = {94},
number = {5},
pages = {1836--1853},
month = mar
}

@article{Barnhart:2015et,
author = {Barnhart, Erin and Lee, Kun-Chun and Allen, Greg M and Theriot, Julie A and Mogilner, Alex},
title = {{Balance between cell{\textminus}substrate adhesion and myosin contraction determines the frequency of motility initiation in fish keratocytes}},
journal = {Proceedings Of The National Academy Of Sciences Of The United States Of America},
year = {2015},
volume = {112},
number = {16},
pages = {5045--5050},
month = apr
}

@article{Paluch:2005da,
author = {Paluch, Ewa and Piel, Matthieu and Prost, Jacques and Bornens, Michel and Sykes, C{\'e}cile},
title = {{Cortical Actomyosin Breakage Triggers Shape Oscillations in Cells and Cell Fragments}},
journal = {Biophysical Journal},
year = {2005},
volume = {89},
number = {1},
pages = {724--733},
month = jul
}

@article{Jiang:2013fba,
author = {Jiang, Hongyuan and Sun, Sean X},
title = {{Cellular Pressure and Volume Regulation and Implications for Cell Mechanics}},
journal = {Biophysj},
year = {2013},
volume = {105},
number = {3},
pages = {609--619},
month = aug
}

@article{Welch:2015ic,
author = {Welch, Matthew D},
title = {{Cell Migration, Freshly Squeezed}},
journal = {Cell},
year = {2015},
volume = {160},
number = {4},
pages = {581--582},
month = feb
}

@article{Tozluoglu:2015cb,
author = {Tozluoglu, M and Mao, Y and Bates, P A and Sahai, E},
title = {{Cost-benefit analysis of the mechanisms that enable migrating cells to sustain motility upon changes in matrix environments}},
journal = {Journal Of The Royal Society Interface},
year = {2015},
volume = {12},
number = {106},
pages = {20141355--20141355},
month = mar
}

@article{Woolley:2013bx,
author = {Woolley, Thomas E and Gaffney, Eamonn A and Oliver, James M and Baker, Ruth E and Waters, Sarah L and Goriely, Alain},
title = {{Cellular blebs: pressure-driven, axisymmetric, membrane protrusions}},
journal = {Biomechanics and Modeling in Mechanobiology},
year = {2013},
volume = {13},
number = {2},
pages = {463--476},
month = jul
}

@article{Bovellan:2009ga,
author = {Bovellan, Miia and Fritzsche, Marco and Stevens, Craig and Charras, Guillaume},
title = {{Death-associated protein kinase (DAPK) and signal transduction: blebbing in programmed cell death}},
journal = {FEBS Journal},
year = {2009},
volume = {277},
number = {1},
pages = {58--65},
month = oct
}

@article{Liu:2010hla,
author = {Liu, Jian and Sun, Yidi and Oster, George F and Drubin, David G},
title = {{Mechanochemical crosstalk during endocytic vesicle formation}},
journal = {Current Opinion In Cell Biology},
year = {2010},
volume = {22},
number = {1},
pages = {36--43},
month = feb
}

@article{Carlier:2013jn,
author = {Carlier, Marie-France and Pernier, Julien and Avvaru, Balendu Sankara},
title = {{Control of actin filament dynamics at barbed ends by WH2 domains: from capping to permissive and processive assembly.}},
journal = {Cytoskeleton (Hoboken, N.J.)},
year = {2013},
volume = {70},
number = {10},
pages = {540--549},
month = oct
}

@article{Alert:2015gz,
author = {Alert, Ricard and Casademunt, Jaume and Brugu{\'e}s, Jan and Sens, Pierre},
title = {{Model for Probing Membrane-Cortex Adhesion by Micropipette Aspiration and Fluctuation Spectroscopy}},
journal = {Biophysj},
year = {2015},
volume = {108},
number = {8},
pages = {1878--1886},
month = apr
}

@article{Charras:2006io,
author = {Charras, G T and Hu, C-K and Coughlin, M and Mitchison, T J},
title = {{Reassembly of contractile actin cortex in cell blebs}},
journal = {Journal Of Cell Biology},
year = {2006},
volume = {175},
number = {3},
pages = {477--490},
month = oct
}

@article{Charras:2008gf,
author = {Charras, Guillaume and Paluch, Ewa},
title = {{Blebs lead the way: how to migrate without lamellipodia}},
journal = {Nature Reviews Molecular Cell Biology},
year = {2008},
volume = {9},
number = {9},
pages = {730--736},
month = sep
}

@article{Anonymous:2015gb,
author = {Schotten, S and Meijer, M and Walter, A M and Huson, V and Mamer, L},
title = {{Additive effects on the energy barrier for synaptic vesicle fusion cause supralinear effects on the vesicle fusion rate}},
journal = {eLife},
year = {2015}
}

@article{Charras:2005dm,
author = {Charras, Guillaume T and Yarrow, Justin C and Horton, Mike A and Mahadevan, L and Mitchison, T J},
title = {{Non-equilibration of hydrostatic pressure in blebbing cells}},
journal = {Nature},
year = {2005},
volume = {435},
number = {7040},
pages = {365--369},
month = may
}

@article{Danuser:2012dr,
author = {Danuser, Gaudenz and Allard, Jun and Mogilner, Alex},
title = {{Mathematical Modeling of Eukaryotic Cell Migration: Insights Beyond Experiments}},
journal = {Annual Review of Cell and Developmental Biology},
year = {2012},
volume = {29},
number = {1},
pages = {130802122809007},
month = nov
}

@article{Anonymous:_0xz25bA,
author = {Tee, G J},
title = {{A novel finite-difference approximation to the biharmonic operator}},
journal = {The Computer Journal},
year = {1963}
}

@article{Friedl:2003ifa,
author = {Friedl, Peter and Wolf, Katarina},
title = {{Tumour-cell invasion and migration: diversity and escape mechanisms.}},
journal = {Nature Reviews Cancer},
year = {2003},
volume = {3},
number = {5},
pages = {362--374},
month = may
}

@article{Thon:2012dh,
author = {Thon, Jonathan N and Macleod, Hannah and Begonja, Antonija Jurak and Zhu, Jie and Lee, Kun-Chun and Mogilner, Alex and Hartwig, John H and Italiano, Joseph E},
title = {{Microtubule and cortical forces determine platelet size during vascular platelet production}},
journal = {Nature Communications},
year = {2012},
volume = {3},
pages = {852--9},
month = may
}

@article{Sedzinski:2011ef,
author = {Sedzinski, Jakub and Biro, Mat{\'e} and Oswald, Annelie and Tinevez, Jean-Yves and Salbreux, Guillaume and Paluch, Ewa},
title = {{Polar actomyosin contractility destabilizes the position of the cytokinetic furrow}},
journal = {Nature},
year = {2011},
volume = {476},
number = {7361},
pages = {462--466},
month = aug
}

@article{Crooks:2013fp,
author = {Crooks, Elaine and Kazmierczak, Bogdan and Lipniacki, Tomasz},
title = {{A Spatially Extended Model of Kinase-Receptor Interaction}},
journal = {Siam Journal on Applied Mathematics},
year = {2013},
volume = {73},
number = {1},
pages = {374--400},
month = jan
}

@article{Woolley:2014jm,
author = {Woolley, T E and Gaffney, E A and Waters, S L and Oliver, J M and Baker, R E and Goriely, A},
title = {{Three mechanical models for blebbing and multi-blebbing}},
journal = {IMA Journal of Applied Mathematics},
year = {2014},
volume = {79},
number = {4},
pages = {636--660},
month = jul
}

@article{Driscoll:2015jr,
author = {Driscoll, Meghan K and Losert, Wolfgang and Jacobson, Ken and Kapustina, Maryna},
title = {{Spatiotemporal relationships between the cell shape and the actomyosin cortex of periodically protruding cells}},
journal = {Cytoskeleton},
year = {2015},
pages = {n/a--n/a},
month = jul
}

@article{Fehon:2010fl,
author = {Fehon, Richard G and McClatchey, Andrea I and Bretscher, Anthony},
title = {{Organizing the cell cortex: the role of ERM proteins.}},
journal = {Nature Reviews Molecular Cell Biology},
year = {2010},
volume = {11},
number = {4},
pages = {276--287},
month = apr
}

@article{Weiner:2007gd,
author = {Weiner, Orion D and Marganski, William A and Wu, Lani F and Altschuler, Steven J and Kirschner, Marc W},
title = {{An Actin-Based Wave Generator Organizes Cell Motility}},
journal = {PLoS Biology},
year = {2007},
volume = {5},
number = {9},
pages = {e221}
}

@article{bement2015activator,
author = {Bement, William M and Leda, Marcin and Moe, Alison M and Kita, Angela M and Larson, Matthew E and Golding, Adriana E and Pfeuti, Courtney and Su, Kuan-Chung and Miller, Ann L and Goryachev, Andrew B and {others}},
title = {{Activator-inhibitor coupling between Rho signalling and actin assembly makes the cell cortex an excitable medium}},
journal = {Nature Cell Biology},
year = {2015}
}

@article{Bergert:2012kx,
author = {Bergert, Martin and Chandradoss, Stanley D and Desai, Ravi A and Paluch, Ewa},
title = {{Cell mechanics control rapid transitions between blebs and lamellipodia during migration.}},
journal = {Proceedings Of The National Academy Of Sciences Of The United States Of America},
year = {2012},
volume = {109},
number = {36},
pages = {14434--14439},
month = sep
}

@book{Helfrich:1973td,
author = {Helfrich, W},
title = {{Elastic properties of lipid bilayers: theory and possible experiments.}},
publisher = {Zeitschrift f{\"u}r Naturforschung. Teil C: Biochemie},
year = {1973}
}

@article{Zhu:2013kq,
author = {Zhu, Cheng},
title = {{Mechanochemitry: A Molecular Biomechanics View of Mechanosensing}},
journal = {Annals of Biomedical Engineering},
year = {2013},
volume = {42},
number = {2},
pages = {388--404},
month = sep
}

@article{Logue:2015jj,
author = {Logue, Jeremy S and Cartagena-Rivera, Alexander X and Baird, Michelle A and Davidson, Michael W and Chadwick, Richard S and Waterman, Clare M},
title = {{Erk regulation of actin capping and bundling by Eps8 promotes cortex tension and leader bleb-based migration.}},
journal = {eLife},
year = {2015},
volume = {4},
month = jul
}

@article{Chen:2007he,
author = {Chen, Guo and Li, Zhilin and Lin, Ping},
title = {{A fast finite difference method for biharmonic equations on irregular domains and its application to an incompressible Stokes flow}},
journal = {Advances in Computational Mathematics},
year = {2007},
volume = {29},
number = {2},
pages = {113--133},
month = jul
}

@article{Salbreux:2012bo,
author = {Salbreux, Guillaume and Charras, Guillaume and Paluch, Ewa},
title = {{Actin cortex mechanics and cellular morphogenesis}},
journal = {Trends In Cell Biology},
year = {2012},
volume = {22},
number = {10},
pages = {536--545},
month = oct
}

@article{Oyama:2015bk,
author = {Oyama, Kotaro and Arai, Tomomi and Isaka, Akira and Sekiguchi, Taku and Itoh, Hideki and Seto, Yusuke and Miyazaki, Makito and Itabashi, Takeshi and Ohki, Takashi and Suzuki, Madoka and Ishiwata, Shin'ichi},
title = {{Directional Bleb Formation in Spherical Cells under Temperature Gradient}},
journal = {Biophysj},
year = {2015},
volume = {109},
number = {2},
pages = {355--364},
month = jul
}

@article{Carvalho:2013hs,
author = {Carvalho, K and Lemiere, J and Faqir, F and Manzi, J and Blanchoin, L and Plastino, J and Betz, T and Sykes, C},
title = {{Actin polymerization or myosin contraction: two ways to build up cortical tension for symmetry breaking}},
journal = {Philosophical Transactions of the Royal Society B: Biological Sciences},
year = {2013},
volume = {368},
number = {1629},
pages = {20130005--20130005},
month = sep
}

@article{Tozluoglu:2013ke,
author = {Tozluo{\u{g}}lu, Melda and Tournier, Alexander L and Jenkins, Robert P and Hooper, Steven and Bates, Paul A and Sahai, Erik},
title = {{Matrix geometry determines optimal cancer cell migration strategy and modulates response to interventions}},
journal = {Nature Cell Biology},
year = {2013},
volume = {15},
number = {7},
pages = {751--762},
month = jun
}

@article{Anonymous:2012fw,
author = {Raz, Mehdi Goudarzi TorstennbspU Banisch MehrpouyanbspB Mobin Nicola Maghelli Katsiaryna Tarbashevich Ina Strate Jana vannbspdennbspBerg Heiko Blaser Sabine Bandemer Ewa Paluch Jeroen Bakkers IvanbspM ToliC-Noslashrrelykke Erez and Banisch, Torsten U and Mobin, Mehrpouya B and Maghelli, Nicola and Tarbashevich, Katsiaryna and Strate, Ina and van den Berg, Jana and Blaser, Heiko and Bandemer, Sabine and Paluch, Ewa and Bakkers, Jeroen and Toli{\'c}-N{\o}rrelykke, Iva M and Raz, Erez},
title = {{Identification and Regulation of a Molecular Module for Bleb-Based Cell Motility}},
journal = {Developmental Cell},
year = {2012},
volume = {23},
number = {1},
pages = {210--218},
month = jul
}

@article{Popovic:2011da,
author = {Popovic, Lea and McKinley, Scott A and Reed, Michael C},
title = {{A Stochastic Compartmental Model for Fast Axonal Transport}},
journal = {Siam Journal on Applied Mathematics},
year = {2011},
volume = {71},
number = {4},
pages = {1531--1556},
month = jan
}

@article{Anonymous:roDfYIJA,
author = {Carlson, Andreas and Mahadevan, L},
title = {{Elastohydrodynamics and kinetics of protein patterning in the immunological synapse}},
year = {2015},
eprint = {1505.07133},
eprinttype = {arxiv},
month = may
}

@article{Anonymous:2014hu,
author = {Heinrich, Doris and Ecke, Mary and Jasnin, Marion and Engel, Ulrike and Gerisch, GUnther},
title = {{Reversible Membrane Pearling in Live Cells upon Destruction of the Actin{\&}nbsp;Cortex}},
journal = {Biophysj},
year = {2014},
volume = {106},
number = {5},
pages = {1079--1091},
month = mar
}

@article{Leijnse:2015fd,
author = {Leijnse, Natascha and Oddershede, Lene B and Bendix, Poul M},
title = {{An updated look at actin dynamics in filopodia.}},
journal = {Cytoskeleton (Hoboken, N.J.)},
year = {2015},
volume = {72},
number = {2},
pages = {71--79},
month = feb
}

@article{Strychalski:2013eo,
author = {Strychalski, W and Guy, R D},
title = {{A computational model of bleb formation}},
journal = {Mathematical Medicine and Biology},
year = {2013},
volume = {30},
number = {2},
pages = {115--130},
month = jun
}

@article{Carvalho:2013ja,
author = {Carvalho, Kevin and Tsai, Feng-Ching and Tsai, Feng C and Lees, Edouard and Voituriez, Rapha{\"e}l and Koenderink, Gijsje H and Sykes, CEcile},
title = {{Cell-sized liposomes reveal how actomyosin cortical tension drives shape change.}},
journal = {Proceedings Of The National Academy Of Sciences Of The United States Of America},
year = {2013},
volume = {110},
number = {41},
pages = {16456--16461},
month = oct
}

@article{Anonymous:4HHO02bL,
author = {Olson, E C},
title = {{Onset of electrical excitability during a period of circus plasma membrane movements in differentiating Xenopus neurons.}},
journal = {Journal of Neuroscience},
year = {1996},
volume = {16},
number = {16},
pages = {5117--5129},
month = aug
}

@article{Tinevez:2009bh,
author = {Tinevez, Jean-Yves and Schulze, Ulrike and Salbreux, Guillaume and Roensch, Julia and Joanny, Jean-Fran{\c c}ois and Paluch, Ewa},
title = {{Role of cortical tension in bleb growth}},
journal = {Proceedings Of The National Academy Of Sciences Of The United States Of America},
year = {2009},
volume = {106},
number = {44},
pages = {18581--18586},
month = nov
}

@article{Rangamani:2013ce,
author = {Rangamani, Padmini and Benjamini, Ayelet and Agrawal, Ashutosh and Smit, Berend and Steigmann, David J and Oster, George},
title = {{Small scale membrane mechanics}},
journal = {Biomechanics and Modeling in Mechanobiology},
year = {2013},
month = oct
}

@article{Ryan:2012bq,
author = {Ryan, Gillian L and Petroccia, Heather M and Watanabe, N and Vavylonis, Dimitrios},
title = {{Excitable Actin Dynamics in Lamellipodial Protrusion and Retraction}},
journal = {Biophysical Journal},
year = {2012},
volume = {102},
number = {7},
pages = {1493--1502},
month = apr
}

@article{Anonymous:OS1MPwCl,
author = {Britton, N F},
title = {{Threshold phenomena and solitary traveling waves in a class of reaction-diffusion systems}},
journal = {Siam Journal on Applied Mathematics},
year = {1982}
}

@article{Charras:2008ic,
author = {Charras, G T},
title = {{A short history of blebbing.}},
journal = {Journal of microscopy},
year = {2008},
volume = {231},
number = {3},
pages = {466--478},
month = sep
}

@article{Friedl:2003if,
author = {Friedl, Peter and Wolf, Katarina},
title = {{Tumour-cell invasion and migration: diversity and escape mechanisms}},
journal = {Nature Reviews Cancer},
year = {2003},
volume = {3},
number = {5},
pages = {362--374},
month = may
}

@article{Jones:2012kj,
author = {Jones, Don A and Smith, Hal L and Thieme, Horst R and R{\"o}st, Gergely},
title = {{On Spread of Phage Infection of Bacteria in a Petri Dish}},
journal = {Siam Journal on Applied Mathematics},
year = {2012},
volume = {72},
number = {2},
pages = {670--688},
month = jan
}

@article{Ryan:2012ej,
author = {Ryan, Gillian L and WATANABE, Naoki and Vavylonis, Dimitrios},
title = {{A review of models of fluctuating protrusion and retraction patterns at the leading edge of motile cells.}},
journal = {Cytoskeleton (Hoboken, N.J.)},
year = {2012},
volume = {69},
number = {4},
pages = {195--206},
month = feb
}

@article{DizMunoz:2013bi,
author = {Diz-Mu{\~n}oz, Alba and Fletcher, Daniel A and Weiner, Orion D},
title = {{Use the force: membrane tension as an organizer of cell shape and motility}},
journal = {Trends In Cell Biology},
year = {2013},
volume = {23},
number = {2},
pages = {47--53},
month = feb
}

@article{Charras:2009dp,
author = {Charras, Guillaume T and Mitchison, Timothy J and Mahadevan, L},
title = {{Animal cell hydraulics.}},
journal = {Journal of Cell Science},
year = {2009},
volume = {122},
number = {Pt 18},
pages = {3233--3241},
month = sep
}

@article{Baum:2014ee,
author = {Baum, David A and Baum, Buzz},
title = {{An inside-out origin for the eukaryotic cell.}},
journal = {BMC biology},
year = {2014},
volume = {12},
number = {1},
pages = {76}
}

@article{Huang:2013ge,
author = {Huang, Chuan-Hsiang and Tang, Ming and Shi, Changji and Iglesias, Pablo A and Devreotes, Peter N},
title = {{An excitable signal integrator couples to an idling cytoskeletal oscillator to drive cell migration}},
journal = {Nature Cell Biology},
year = {2013},
volume = {15},
number = {11},
pages = {1307--1316},
month = oct
}

@article{Stroka:2014kw,
author = {Stroka, Kimberly M and Jiang, Hongyuan and Chen, Shih-Hsun and Tong, Ziqiu and Wirtz, Denis and Sun, Sean X and Konstantopoulos, Konstantinos},
title = {{Water Permeation Drives Tumor Cell Migration in Confined Microenvironments}},
journal = {Cell},
year = {2014},
volume = {157},
number = {3},
pages = {611--623},
month = apr
}

@article{Qi:2006ez,
author = {Qi, Shuyan and Krogsgaard, Michelle and Davis, Mark M and Chakraborty, Arup K},
title = {{Molecular flexibility can influence the stimulatory ability of receptor-ligand interactions at cell-cell junctions}},
journal = {Proceedings Of The National Academy Of Sciences Of The United States Of America},
year = {2006},
volume = {103},
number = {12},
pages = {4416--4421},
month = mar
}

@article{Clark:2013ef,
author = {Clark, Andrew G and Dierkes, Kai and Paluch, Ewa K},
title = {{Monitoring Actin Cortex Thickness in Live Cells}},
journal = {Biophysj},
year = {2013},
volume = {105},
number = {3},
pages = {570--580},
month = aug
}

@article{Lim:2012fz,
author = {Lim, F Y and Chiam, K-H and Mahadevan, L},
title = {{The size, shape, and dynamics of cellular blebs}},
journal = {Epl},
year = {2012},
volume = {100},
number = {2},
pages = {28004},
month = oct
}

@article{Strychalski:2015fu,
author = {Strychalski, Wanda and Copos, Calina A and Lewis, Owen L and Guy, Robert D},
title = {{A poroelastic immersed boundary method with applications to cell biology}},
journal = {Journal of Computational Physics},
year = {2015},
volume = {282},
number = {C},
pages = {77--97},
month = feb
}

@article{Lee:1993bt,
author = {Lee, J and Ishihara, A and Theriot, J A and Jacobson, K},
title = {{Principles of locomotion for simple-shaped cells}},
journal = {Nature},
year = {1993},
volume = {362},
number = {6416},
pages = {167--171}
}

@article{AbuShah:2014jx,
author = {Abu Shah, Enas and Keren, Kinneret},
title = {{Symmetry breaking in reconstituted actin cortices.}},
journal = {eLife},
year = {2014},
volume = {3},
pages = {e01433}
}

@article{Bovellan:2014ka,
author = {Bovellan, Miia and Romeo, Yves and Biro, Mat{\'e} and Boden, Annett and Chugh, Priyamvada and Yonis, Amina and Vaghela, Malti and Fritzsche, Marco and Moulding, Dale and Thorogate, Richard and J{\'e}gou, Antoine and Thrasher, Adrian J and Romet-Lemonne, Guillaume and Roux, Philippe P and Paluch, Ewa K and Charras, Guillaume},
title = {{Cellular Control of Cortical Actin Nucleation}},
journal = {Current biology : CB},
year = {2014},
volume = {24},
number = {14},
pages = {1628--1635},
month = jul
}

@article{Dobrowsky:2010dr,
author = {Dobrowsky, Terrence M and Daniels, Brian R and Siliciano, Robert F and Sun, Sean X and Wirtz, Denis},
title = {{Organization of Cellular Receptors into a Nanoscale Junction during HIV-1 Adhesion}},
journal = {PLoS Computational Biology},
year = {2010},
volume = {6},
number = {7},
pages = {e1000855},
month = jul
}

@book{Murray:ur,
author = {Murray, James D},
title = {{Mathematical Biology}},
publisher = {Springer Berlin Heidelberg},
year = {1989},
address = {Berlin, Heidelberg}
}

@article{Mori:2008hj,
author = {Mori, Yoichiro and Jilkine, Alexandra and Edelstein-Keshet, Leah},
title = {{Wave-pinning and cell polarity from a bistable reaction-diffusion system}},
journal = {Biophysical Journal},
year = {2008},
volume = {94},
number = {9},
pages = {3684--3697},
month = may
}

@article{Allard:2012if,
author = {Allard, Jun and Mogilner, Alex},
title = {{Traveling waves in actin dynamics and cell motility}},
journal = {Current Opinion In Cell Biology},
year = {2012},
volume = {25},
number = {1},
pages = {1--9},
month = sep
}

@article{Clark:2014fj,
author = {Clark, Andrew G and Wartlick, Ortrud and Salbreux, Guillaume and Paluch, Ewa K},
title = {{Stresses at the Cell Surface during Animal Cell Review Morphogenesis}},
journal = {Current biology : CB},
year = {2014},
volume = {24},
number = {10},
pages = {R484--R494},
month = may
}

@article{Wollman:2012kha,
author = {Wollman, R and Meyer, T},
title = {{Coordinated oscillations in cortical actin and Ca2+ correlate with cycles of vesicle secretion}},
journal = {Nature Cell Biology},
year = {2012},
volume = {14},
number = {12},
pages = {1261--1269},
month = nov
}

@article{Anonymous:2015eo,
author = {Coleman, M L and Olson, M F},
title = {{Rho GTPase signalling pathways in the morphological changes associated with apoptosis.}},
journal = {Cell death and differentiation},
year = {2002},
volume = {9},
number = {5},
pages = {493--504},
month = may
}

@article{Peleg:2011fz,
author = {Peleg, Barak and Disanza, Andrea and Scita, Giorgio and Gov, Nir},
title = {{Propagating Cell-Membrane Waves Driven by Curved Activators of Actin Polymerization}},
journal = {PLoS ONE},
year = {2011},
volume = {6},
number = {4},
pages = {e18635},
month = apr
}

@article{Paszek:2015it,
author = {Paszek, Matthew J and DuFort, Christopher C and Rossier, Olivier and Bainer, Russell and Mouw, Janna K and Godula, Kamil and Hudak, Jason E and Lakins, Jonathon N and Wijekoon, Amanda C and Cassereau, Luke and Rubashkin, Matthew G and Magbanua, Mark J and Thorn, Kurt S and Davidson, Michael W and Rugo, Hope S and Park, John W and Hammer, Daniel A and Giannone, Gr{\'e}gory and Bertozzi, Carolyn R and Weaver, Valerie M},
title = {{The cancer glycocalyx mechanically primes integrin-mediated growth and survival}},
journal = {Nature},
year = {2015},
volume = {511},
number = {7509},
pages = {319--325},
month = apr
}

@article{Anonymous:2015cb,
author = {Yahalom-Ronen, Y and Rajchman, D and Sarig, R and Geiger, B},
title = {{Reduced matrix rigidity promotes neonatal cardiomyocyte dedifferentiation, proliferation and clonal expansion}},
journal = {eLife},
year = {2015}
}

@article{Fritzsche:2014jw,
author = {Fritzsche, Marco and Thorogate, Richard and Charras, Guillaume},
title = {{Quantitative Analysis of Ezrin Turnover Dynamics in the Actin Cortex}},
journal = {Biophysj},
year = {2014},
volume = {106},
number = {2},
pages = {343--353},
month = jan
}

@article{Kapustina:2013gc,
author = {Kapustina, M and Elston, T C and Jacobson, K},
title = {{Compression and dilation of the membrane-cortex layer generates rapid changes in cell shape}},
journal = {Journal Of Cell Biology},
year = {2013},
volume = {200},
number = {1},
pages = {95--108},
month = jan
}

@article{Gupta:1979dc,
author = {Gupta, Murli M and Manohar, Ram P},
title = {{Direct solution of the biharmonic equation using noncoupled approach}},
journal = {Journal of Computational Physics},
year = {1979},
volume = {33},
number = {2},
pages = {236--248},
month = nov
}

@article{Weiner:2007gd,
author = {Houk, Andrew R and Jilkine, Alexandra and Mejean, Cecile O and Boltyanskiy, Rostislav and Dufresne, Eric R and Angenent, Sigurd B and Altschuler, Steven J and Wu, Lani F and Weiner, Orion D},
title = {{Membrane Tension Maintains Cell Polarity by Confining Signals to the Leading Edge during Neutrophil Migration}},
journal = {Cell},
year = {2012},
volume = {148},
number = {1-2},
pages = {175--188},
month = jan
}

@phdthesis{Anonymous:mZ5FGKsD,
author = {Alert, Ricard},
title = {{Theory of cell membrane-cortex adhesion dynamics}},
year = {2013},
month = dec
}

@article{Woolley:2015jn,
author = {Woolley, Thomas E and Gaffney, Eamonn A and Goriely, Alain},
title = {{Membrane shrinkage and cortex remodelling are predicted to work in harmony to retract blebs}},
journal = {Royal Society Open Science},
year = {2015},
volume = {2},
number = {7},
pages = {150184--15},
month = jul
}

@article{Sahai:2003ue,
author = {Sahai, E and Marshall, C J},
title = {{Differing modes of tumour cell invasion have distinct requirements for Rho/ROCK signalling and extracellular proteolysis}},
journal = {Nature Cell Biology},
year = {2003}
}

@article{BenFogelson:2014gx,
author = {Ben Fogelson and Mogilner, Alex},
title = {{Computational Estimates of Membrane Flow and Tension Gradient in Motile Cells}},
journal = {PLoS ONE},
year = {2014},
volume = {9},
number = {1},
pages = {e84524},
month = jan
}

@article{Young:2010dp,
author = {Young, Jennifer and Mitran, Sorin},
title = {{A numerical model of cellular blebbing: A volume-conserving, fluid{\textendash}structure interaction model of the entire cell}},
journal = {Journal of Biomechanics},
year = {2010},
volume = {43},
number = {2},
pages = {210--220},
month = jan
}

@article{Allard:2012gy,
author = {Allard, Jun F and Dushek, Omer and Coombs, Daniel and Van Der Merwe, P Anton},
title = {{Mechanical Modulation of Receptor-Ligand Interactions at Cell-Cell Interfaces}},
journal = {Biophysical Journal},
year = {2012},
volume = {102},
number = {6},
pages = {1265--1273},
month = mar
}

@article{Fujinami:1975vo,
author = {Fujinami, N and Kageyama, T},
title = {{Circus movement in dissociated embryonic cells of a teleost, Oryzias latipes.}},
journal = {Journal of Cell Science},
year = {1975},
volume = {19},
number = {1},
pages = {169--182},
month = oct
}

@article{Gutenkunst:2007gd,
author = {Gutenkunst, Ryan N and Waterfall, Joshua J and Casey, Fergal P and Brown, Kevin S and Myers, Christopher R and Sethna, James P},
title = {{Universally Sloppy Parameter Sensitivities in Systems Biology Models}},
journal = {PLoS Computational Biology},
year = {2007},
volume = {3},
number = {10},
pages = {e189}
}

